@book{al-dabbaa,
  author    = "علي الضباع and نور الدين علي بن محمد بن حسن بن إبراهيم بن عبد الله المصري",
  title     = "صريح النص في الكلمات المختلف فيها عن حفص",
  publisher = "مكتبة ومطبعة مصطفى البابي الحلبي وأولاده",
  year      = "1380هـ",
  note      = "المؤلف: علي الضباع (توفي 1380هـ)",
  language  = "arabic"
}
@misc{Silero VAD,
  author = {Silero Team},
  title = {Silero VAD: pre-trained enterprise-grade Voice Activity Detector (VAD), Number Detector and Language Classifier},
  year = {2024},
  publisher = {GitHub},
  journal = {GitHub repository},
  howpublished = {\url{https://github.com/snakers4/silero-vad}},
  commit = {insert_some_commit_here},
  email = {hello@silero.ai}
}
@inproceedings{Plaquet23,
  author={Alexis Plaquet and Hervé Bredin},
  title={{Powerset multi-class cross entropy loss for neural speaker diarization}},
  year=2023,
  booktitle={Proc. INTERSPEECH 2023},
}

@article{barrault2023seamless,
  title={Seamless: Multilingual Expressive and Streaming Speech Translation},
  author={Barrault, Lo{\"\i}c and Chung, Yu-An and Meglioli, Mariano Coria and Dale, David and Dong, Ning and Duppenthaler, Mark and Duquenne, Paul-Ambroise and Ellis, Brian and Elsahar, Hady and Haaheim, Justin and others},
  journal={arXiv preprint arXiv:2312.05187},
  year={2023}
}
@misc{Audiomentations,
  author = {Iver Jordal and Contributors},
  title = {Audiomentations: A Python library for audio data augmentation},
  year = {2025},
  publisher = {GitHub},
  journal = {GitHub repository},
  howpublished = {\url{https://github.com/iver56/audiomentations}},
  commit = {optional_commit_hash_here},
}
@article{levenshtein1966,
  author    = {Vladimir I. Levenshtein},
  title     = {Binary codes capable of correcting deletions, insertions, and reversals},
  journal   = {Soviet Physics Doklady},
  volume    = {10},
  number    = {8},
  pages     = {707--710},
  year      = {1966},
  note      = {Translated from Russian to English},
  url       = {https://nymity.ch/sybilhunting/pdf/Levenshtein1966a.pdf}  % Optional: Link to PDF
}
@misc{tarteel_whisper_ar_quran,
  author       = {Tarteel AI},
  title        = {Whisper Base Arabic Quran (Automatic Speech Recognition for Quranic Recitation)},
  year         = {2023},  % Adjust if needed
  publisher    = {Hugging Face},
  journal      = {Hugging Face Model Hub},
  howpublished = {\url{https://huggingface.co/tarteel-ai/whisper-base-ar-quran}},
  note         = {Model by Tarteel AI. Company website: \url{https://www.tarteel.ai/}}
}

@inproceedings{radford2023robust,
  title={Robust speech recognition via large-scale weak supervision},
  author={Radford, Alec and Kim, Jong Wook and Xu, Tao and Brockman, Greg and McLeavey, Christine and Sutskever, Ilya},
  booktitle={International conference on machine learning},
  pages={28492--28518},
  year={2023},
  organization={PMLR}
}

@inproceedings{omran2023automatic,
  title={Automatic detection of some Tajweed rules},
  author={Omran, Dahlia and Fawzi, Sahar and Kandil, Ahmed},
  booktitle={2023 20th Learning and Technology Conference (L\&T)},
  pages={157--160},
  year={2023},
  organization={IEEE}
}

@article{article-khalil,
author = {هبيرة, عز},
year = {2023},
month = {02},
pages = {165-190},
title = {مخارج الحروف الصحاح وصفاتها عند الخليل بن أحمد الفراهيدي قراءة في ضوء الدرس اللساني الحديث.},
volume = {31},
journal = {مجلة جامعة الأمير عبد القادر للعلوم الإسلامية},
doi = {10.37138/emirj.v31i2.1936}
}

@book{sweed2021,
  author    = {أمين رشدس سويد},
  title     = {التجويد المصور},
  publisher = {دار الغوثاني للدراسات القرآنية},
  year      = {2021},
  address   = {دمشق}, % Add if known
  language  = {arabic} % Optional, for multilingual bibliographies
}
@inproceedings{graves2006ctc,
  author    = {Alex Graves and Santiago Fern{\'a}ndez and Faustino Gomez and J{\"u}rgen Schmidhuber},
  title     = {Connectionist Temporal Classification: Labelling Unsegmented Sequence Data with Recurrent Neural Networks},
  booktitle = {Proceedings of the 23rd International Conference on Machine Learning ({ICML} 2006)},
  pages     = {369--376},
  year      = {2006},
  publisher = {{ACM}},
  doi       = {10.1145/1143844.1143891}
}
