@book{al-dabbaa,
  author    = "علي الضباع",
  title     = "صريح النص في الكلمات المختلف فيها عن حفص",
  publisher = "مكتبة ومطبعة مصطفى البابي الحلبي وأولاده",
  year      = "1380هـ",
  note      = "المؤلف: علي الضباع (توفي 1380هـ)",
  language  = "arabic"
}
@misc{SileroVAD,
  author = {Silero Team},
  title = {Silero VAD: pre-trained enterprise-grade Voice Activity Detector (VAD), Number Detector and Language Classifier},
  year = {2024},
  publisher = {GitHub},
  journal = {GitHub repository},
  howpublished = {\url{https://github.com/snakers4/silero-vad}},
  commit = {insert_some_commit_here},
  email = {hello@silero.ai}
}
@inproceedings{Plaquet23,
  author={Alexis Plaquet and Hervé Bredin},
  title={{Powerset multi-class cross entropy loss for neural speaker diarization}},
  year=2023,
  booktitle={Proc. INTERSPEECH 2023},
}

@article{barrault2023seamless,
  title={Seamless: Multilingual Expressive and Streaming Speech Translation},
  author={Barrault, Lo{\"\i}c and Chung, Yu-An and Meglioli, Mariano Coria and Dale, David and Dong, Ning and Duppenthaler, Mark and Duquenne, Paul-Ambroise and Ellis, Brian and Elsahar, Hady and Haaheim, Justin and others},
  journal={arXiv preprint arXiv:2312.05187},
  year={2023}
}
@misc{Audiomentations,
  author = {Iver Jordal and Contributors},
  title = {Audiomentations: A Python library for audio data augmentation},
  year = {2025},
  publisher = {GitHub},
  journal = {GitHub repository},
  howpublished = {\url{https://github.com/iver56/audiomentations}},
  commit = {optional_commit_hash_here},
}
@article{levenshtein1966,
  author    = {Vladimir I. Levenshtein},
  title     = {Binary codes capable of correcting deletions, insertions, and reversals},
  journal   = {Soviet Physics Doklady},
  volume    = {10},
  number    = {8},
  pages     = {707--710},
  year      = {1966},
  note      = {Translated from Russian to English},
  url       = {https://nymity.ch/sybilhunting/pdf/Levenshtein1966a.pdf}
}
@misc{tarteel_whisper_ar_quran,
  author       = {Tarteel AI},
  title        = {Whisper Base Arabic Quran (Automatic Speech Recognition for Quranic Recitation)},
  year         = {2023},
  publisher    = {Hugging Face},
  journal      = {Hugging Face Model Hub},
  howpublished = {\url{https://huggingface.co/tarteel-ai/whisper-base-ar-quran}},
  note         = {Model by Tarteel AI. Company website: \url{https://www.tarteel.ai/}}
}

@inproceedings{radford2023robust,
  title={Robust speech recognition via large-scale weak supervision},
  author={Radford, Alec and Kim, Jong Wook and Xu, Tao and Brockman, Greg and McLeavey, Christine and Sutskever, Ilya},
  booktitle={International conference on machine learning},
  pages={28492--28518},
  year={2023},
  organization={PMLR}
}

@inproceedings{omran2023automatic,
  title={Automatic detection of some Tajweed rules},
  author={Omran, Dahlia and Fawzi, Sahar and Kandil, Ahmed},
  booktitle={2023 20th Learning and Technology Conference (L\&T)},
  pages={157--160},
  year={2023},
  organization={IEEE}
}

@article{article-khalil,
author = {هبيرة, عز},
year = {2023},
month = {02},
pages = {165-190},
title = {مخارج الحروف الصحاح وصفاتها عند الخليل بن أحمد الفراهيدي قراءة في ضوء الدرس اللساني الحديث.},
volume = {31},
journal = {مجلة جامعة الأمير عبد القادر للعلوم الإسلامية},
doi = {10.37138/emirj.v31i2.1936}
}

@book{sweed2021,
  author    = {أمين رشدس سويد},
  title     = {التجويد المصور},
  publisher = {دار الغوثاني للدراسات القرآنية},
  year      = {2021},
  language  = {arabic},
}
@inproceedings{graves2006ctc,
  author    = {Alex Graves and Santiago Fern{\'a}ndez and Faustino Gomez and J{\"u}rgen Schmidhuber},
  title     = {Connectionist Temporal Classification: Labelling Unsegmented Sequence Data with Recurrent Neural Networks},
  booktitle = {Proceedings of the 23rd International Conference on Machine Learning ({ICML} 2006)},
  pages     = {369--376},
  year      = {2006},
  publisher = {{ACM}},
  doi       = {10.1145/1143844.1143891}
}
@article{hinton2006reducing,
  title={Reducing the dimensionality of data with neural networks},
  author={Hinton, Geoffrey E and Salakhutdinov, Ruslan R},
  journal={science},
  volume={313},
  number={5786},
  pages={504--507},
  year={2006},
  publisher={American Association for the Advancement of Science}
}
@article{hopfield1982neural,
  title={Neural networks and physical systems with emergent collective computational abilities},
  author={Hopfield, John J},
  journal={Proceedings of the National Academy of Sciences},
  volume={79},
  number={8},
  pages={2554--2558},
  year={1982},
  publisher={National Acad Sciences}
}
@article{vaswani2017attention,
  title={Attention Is All You Need},
  author={Vaswani, Ashish and Shazeer, Noam and Parmar, Niki and Uszkoreit, Jakob and Jones, Llion and Gomez, Aidan N and Kaiser, {\L}ukasz and Polosukhin, Illia},
  journal={Advances in Neural Information Processing Systems},
  volume={30},
  pages={5998--6008},
  year={2017},
  publisher={Curran Associates, Inc.}
}
@article{devlin2019bert,
  title={BERT: Pre-training of Deep Bidirectional Transformers for Language Understanding},
  author={Devlin, Jacob and Chang, Ming-Wei and Lee, Kenton and Toutanova, Kristina},
  journal={Proceedings of the North American Chapter of the Association for Computational Linguistics: Human Language Technologies (NAACL-HLT)},
  pages={4171--4186},
  year={2019},
  publisher={Association for Computational Linguistics}
}

@article{schneider2019wav2vec,
  title={wav2vec: Unsupervised pre-training for speech recognition},
  author={Schneider, Steffen and Baevski, Alexei and Collobert, Ronan and Auli, Michael},
  journal={arXiv preprint arXiv:1904.05862},
  year={2019}
}

@article{baevski2020wav2vec,
  title={wav2vec 2.0: A framework for self-supervised learning of speech representations},
  author={Baevski, Alexei and Zhou, Yuhao and Mohamed, Abdelrahman and Auli, Michael},
  journal={Advances in neural information processing systems},
  volume={33},
  pages={12449--12460},
  year={2020}
}

@article{gulati2020conformer,
  title={Conformer: Convolution-augmented transformer for speech recognition},
  author={Gulati, Anmol and Qin, James and Chiu, Chung-Cheng and Parmar, Niki and Zhang, Yu and Yu, Jiahui and Han, Wei and Wang, Shibo and Zhang, Zhengdong and Wu, Yonghui and others},
  journal={arXiv preprint arXiv:2005.08100},
  year={2020}
}

@inproceedings{chung2021w2v,
  title={W2v-bert: Combining contrastive learning and masked language modeling for self-supervised speech pre-training},
  author={Chung, Yu-An and Zhang, Yu and Han, Wei and Chiu, Chung-Cheng and Qin, James and Pang, Ruoming and Wu, Yonghui},
  booktitle={2021 IEEE Automatic Speech Recognition and Understanding Workshop (ASRU)},
  pages={244--250},
  year={2021},
  organization={IEEE}
}

@inproceedings{sherif2007enhancing,
  title={Enhancing Usability of CAPL system for Quran Recitation Learning},
  author={Sherif, MA and Samir, A and Khalil, AH and Mohsen, R},
  year={2007},
  organization={INTERSPEECH}
}

@article{al2018computer,
  title={Computer aided qur’an pronunciation using dnn},
  author={Al-Marri, Mubarak and Raafat, Hazem and Abdallah, Mustafa and Abdou, Sherif and Rashwan, Mohsen},
  journal={Journal of Intelligent \& Fuzzy Systems},
  volume={34},
  number={5},
  pages={3257--3271},
  year={2018},
  publisher={SAGE Publications Sage UK: London, England}
}

@inproceedings{abdou2014computer,
  title={A Computer Aided Pronunciation Learning system for teaching the holy quran Recitation rules},
  author={Abdou, Sherif Mahdy and Rashwan, Mohsen},
  booktitle={2014 IEEE/ACS 11th International Conference on Computer Systems and Applications (AICCSA)},
  pages={543--550},
  year={2014},
  organization={IEEE}
}

@inproceedings{mohammed2017recognition,
  title={Recognition of holy Quran recitation rules using phoneme duration},
  author={Mohammed, Ammar and Sunar, Mohd Shahrizal Bin and Salam, Md Sah Hj},
  booktitle={International Conference of Reliable Information and Communication Technology},
  pages={343--352},
  year={2017},
  organization={Springer}
}

@article{alqadasi2023improving,
  title={Improving Automatic Forced Alignment for Phoneme Segmentation in Quranic Recitation},
  author={Alqadasi, Ammar Mohammed Ali and Zeki, Akram M and Sunar, Mohd Shahrizal and Salam, Md Sah Bin Hj and Abdulghafor, Rawad and Khaled, Nashwan Abdo},
  journal={IEEE Access},
  volume={12},
  pages={229--244},
  year={2023},
  publisher={IEEE}
}

@article{shaiakhmetov2025evaluation,
  title={Evaluation of the Pronunciation of Tajweed Rules Based on DNN as a Step Towards Interactive Recitation Learning},
  author={Shaiakhmetov, Dim and Gimaletdinova, Gulnaz and Momunov, Kadyrmamat and Cankurt, Selcuk},
  journal={arXiv preprint arXiv:2503.23470},
  year={2025}
}

@INPROCEEDINGS{10485145,
  author={Alsahafi, Yousef S and Asad, Muhammad},
  booktitle={2024 6th International Conference on Computing and Informatics (ICCI)}, 
  title={Empirical Study on Mispronunciation Detection for Tajweed Rules during Quran Recitation}, 
  year={2024},
  volume={},
  number={},
  pages={39-45},
  keywords={Support vector machines;Measurement;Deep learning;Logistic regression;Feature extraction;Convolutional neural networks;Mel frequency cepstral coefficient;machine learning;deep learning;speech recognition;mel-frequency cepstral coefficient;spectrogram;kaldi pitch;computer-assisted language learning;mispronunciation detection},
  doi={10.1109/ICCI61671.2024.10485145}}

@INPROCEEDINGS{10092350,
  author={Omran, Dahlia and Fawzi, Sahar and Kandil, Ahmed},
  booktitle={2023 20th Learning and Technology Conference (L&T)}, 
  title={Automatic Detection of Some Tajweed Rules}, 
  year={2023},
  volume={},
  number={},
  pages={157-160},
  keywords={Training;Neural networks;Feature extraction;Pattern recognition;Convolutional neural networks;Mel frequency cepstral coefficient;Quranic recitation rules;Qalqalah rule;the Mel Frequency Cepstral Coefficients;Convolutional Neural Networks (CNN)},
  doi={10.1109/LT58159.2023.10092350}}
@online{tarteelai,
  author = {{Tarteel AI}},
  title = {Tarteel: AI-powered Quran companion},
  year = {2023},
  url = {https://www.tarteel.ai/},
  urldate = {2023-11-15}, % Replace with the date you accessed the site
}
@article{khan2021tarteel,
  title={The Tarteel dataset: crowd-sourced and labeled Quranic recitation},
  author={Khan, Hamzah I and Abid, Abubakar and Moussa, Mohamed Medhat and Abou-Allaban, Anas},
  year={2021}
}
@article{putra2012developing,
  title={Developing speech recognition system for Quranic verse recitation learning software},
  author={Putra, Budiman and Atmaja, B Tris and Prananto, D},
  journal={IJID (International Journal on Informatics for Development)},
  volume={1},
  number={2},
  pages={1--8},
  year={2012},
  publisher={Fakultas Sains dan Teknologi}
}
@article{kheir2025towards,
  title={Towards a Unified Benchmark for Arabic Pronunciation Assessment: Quranic Recitation as Case Study},
  author={Kheir, Yassine El and Ibrahim, Omnia and Meghanani, Amit and Almarwani, Nada and Toyin, Hawau Olamide and Alharbi, Sadeen and Alfadly, Modar and Alkanhal, Lamya and Selim, Ibrahim and Elbatal, Shehab and others},
  journal={arXiv preprint arXiv:2506.07722},
  year={2025}
}

@article{osman2021qdat,
  title={QDAT: a data set for reciting the Quran},
  author={Osman, Hanaa Mohammed and Mustafa, Ban Sharief and Faisal, Yusra},
  journal={International Journal on Islamic Applications in Computer Science And Technology},
  volume={9},
  number={1},
  pages={1--9},
  year={2021}
}

@article{kheir2023automatic,
  title={Automatic Pronunciation Assessment--A Review},
  author={Kheir, Yassine El and Ali, Ahmed and Chowdhury, Shammur Absar},
  journal={arXiv preprint arXiv:2310.13974},
  year={2023}
}
@book{ibnaljazri_alnashr,
    title = {النشر في القراءات العشر},
    author = {ابن الجزري، محمد بن محمد},
    editor = {علي محمد الضباع},
    publisher = {المطبعة التجارية الكبرى},
    address = {القاهرة},
    year = {بدون تاريخ},
    note = {تصوير دار الكتاب العلمية},
    langid = {arabic}
}

@inproceedings{dukes2010morphological,
  title={Morphological Annotation of Quranic Arabic.},
  author={Dukes, Kais and Habash, Nizar},
  booktitle={Lrec},
  pages={2530--2536},
  year={2010}
}
@book{AlHamad2008,
  author    = {عَائِمْ قَدُّورِي الحَمد},
  title     = {شَرح المقامة الحَريَّة: يَجْمَعَ بَيْنَ التُّراثِ الصَّوْتي العربي القَدِيمِ وَالدَّرْسِ الصوتي الحديث},
  edition   = {الطبعة الأولى},
  year      = {2008},
  hijriyear = {1439},
  publisher = {مركز الدراسات والمعلومات القرآنية، معهد الإمام الشاطبي},
  location  = {جدة, المملكة العربية السعودية},
  note      = {جميع الحقوق محفوظة},
  langid    = {arabic}
}
@book{AlJazariyyahSwaid,
  author    = {ابن الجزري, شمس الدين},
  title     = {المقدمة الجزرية},
  editor    = {أيمن رشدي سويد},
  note      = {تحقيق وتعليق},
  language  = {arabic}
}
